<collection xmlns="http://www.loc.gov/MARC21/slim">
<record>
  <leader>02201nam0a22004091i 450 </leader>
  <controlfield tag="001">IT\ICCU\CNCE\058371</controlfield>
  <controlfield tag="005">20130718000000.0</controlfield>
  <datafield tag="012" ind1=" " ind2=" ">
    <subfield code="a">r-t+ n-s. orj, dict (3) 1553 (R)</subfield>
    <subfield code="2">fei</subfield>
  </datafield>
  <datafield tag="100" ind1=" " ind2=" ">
    <subfield code="a">20040525d1553        0itac0103    ba</subfield>
  </datafield>
  <datafield tag="101" ind1=" " ind2=" ">
    <subfield code="a">LAT</subfield>
  </datafield>
  <datafield tag="102" ind1=" " ind2=" ">
    <subfield code="a">IT</subfield>
  </datafield>
  <datafield tag="200" ind1="1" ind2=" ">
    <subfield code="a">Heroides epistolae Pub. Ouidii Nasonis et Auli Sabini responsiones, cum Guidonis Morilloni argumentis ac scholijs. His accesserunt Ioannis Baptistae Egnatij obseruationes</subfield>
  </datafield>
  <datafield tag="210" ind1=" " ind2=" ">
    <subfield code="e">Brixiae</subfield>
    <subfield code="g">Ludouicus Britannicus diligenter imprimi curabat</subfield>
    <subfield code="h">1553</subfield>
  </datafield>
  <datafield tag="215" ind1=" " ind2=" ">
    <subfield code="a">112 c.</subfield>
    <subfield code="c">ill.</subfield>
    <subfield code="d">8ʻ</subfield>
  </datafield>
  <datafield tag="620" ind1=" " ind2=" ">
    <subfield code="a">IT</subfield>
    <subfield code="d">Brescia</subfield>
  </datafield>
  <datafield tag="700" ind1=" " ind2="1">
    <subfield code="a">Ovidius Naso,</subfield>
    <subfield code="b">Publius</subfield>
    <subfield code="3">IT\ICCU\CNCA\003076</subfield>
  </datafield>
  <datafield tag="702" ind1=" " ind2="1">
    <subfield code="a">Sabino,</subfield>
    <subfield code="b">Angelo</subfield>
    <subfield code="3">IT\ICCU\CNCA\012457</subfield>
  </datafield>
  <datafield tag="702" ind1=" " ind2="1">
    <subfield code="a">Morillon,</subfield>
    <subfield code="b">Gui</subfield>
    <subfield code="3">IT\ICCU\CNCA\012458</subfield>
  </datafield>
  <datafield tag="702" ind1=" " ind2="1">
    <subfield code="a">Egnazio,</subfield>
    <subfield code="b">Giovanni Battista</subfield>
    <subfield code="3">IT\ICCU\CNCA\003049</subfield>
  </datafield>
  <datafield tag="712" ind1="0" ind2="0">
    <subfield code="a">Britannico, Lodovico</subfield>
    <subfield code="c"> &lt;1.&gt;</subfield>
    <subfield code="3">IT\ICCU\CNCT\000930</subfield>
    <subfield code="4">650</subfield>
  </datafield>
  <datafield tag="790" ind1=" " ind2="0">
    <subfield code="a">Ovidius</subfield>
    <subfield code="3">IT\ICCU\CNCA\022433</subfield>
    <subfield code="z">Ovidius Naso, Publius</subfield>
  </datafield>
  <datafield tag="790" ind1=" " ind2="0">
    <subfield code="a">Publius Ovidius Naso</subfield>
    <subfield code="3">IT\ICCU\CNCA\022434</subfield>
    <subfield code="z">Ovidius Naso, Publius</subfield>
  </datafield>
  <datafield tag="790" ind1=" " ind2="1">
    <subfield code="a">Sabinus,</subfield>
    <subfield code="b">Angelus</subfield>
    <subfield code="3">IT\ICCU\CNCA\017208</subfield>
    <subfield code="z">Sabino, Angelo</subfield>
  </datafield>
  <datafield tag="790" ind1=" " ind2="1">
    <subfield code="a">Sabinus,</subfield>
    <subfield code="b">Aulus</subfield>
    <subfield code="3">IT\ICCU\CNCA\017209</subfield>
    <subfield code="z">Sabino, Angelo</subfield>
  </datafield>
  <datafield tag="790" ind1=" " ind2="1">
    <subfield code="a">Morillonus,</subfield>
    <subfield code="b">Guido</subfield>
    <subfield code="3">IT\ICCU\CNCA\021186</subfield>
    <subfield code="z">Morillon, Gui</subfield>
  </datafield>
  <datafield tag="790" ind1=" " ind2="1">
    <subfield code="a">Morillon,</subfield>
    <subfield code="b">Guy</subfield>
    <subfield code="3">IT\ICCU\CNCA\021810</subfield>
    <subfield code="z">Morillon, Gui</subfield>
  </datafield>
  <datafield tag="790" ind1=" " ind2="1">
    <subfield code="a">Cipelli,</subfield>
    <subfield code="b">Giovanni Battista</subfield>
    <subfield code="3">IT\ICCU\CNCA\003293</subfield>
    <subfield code="z">Egnazio, Giovanni Battista</subfield>
  </datafield>
  <datafield tag="790" ind1=" " ind2="1">
    <subfield code="a">Egnatius,</subfield>
    <subfield code="b">Ioannes Baptista</subfield>
    <subfield code="3">IT\ICCU\CNCA\013969</subfield>
    <subfield code="z">Egnazio, Giovanni Battista</subfield>
  </datafield>
  <datafield tag="790" ind1=" " ind2="0">
    <subfield code="a">Egnatius</subfield>
    <subfield code="3">IT\ICCU\CNCA\023268</subfield>
    <subfield code="z">Egnazio, Giovanni Battista</subfield>
  </datafield>
  <datafield tag="790" ind1=" " ind2="0">
    <subfield code="a">Egnatius</subfield>
    <subfield code="c"> : Venetus</subfield>
    <subfield code="3">IT\ICCU\CNCA\023272</subfield>
    <subfield code="z">Egnazio, Giovanni Battista</subfield>
  </datafield>
  <datafield tag="791" ind1="0" ind2="2">
    <subfield code="a">℗In aedibus ℗Divae Margaritae</subfield>
    <subfield code="c"> &lt;1535&gt;</subfield>
    <subfield code="3">IT\ICCU\CNCT\003052</subfield>
    <subfield code="z">Britannico, Lodovico &lt;1.&gt;</subfield>
  </datafield>
  <datafield tag="791" ind1="0" ind2="0">
    <subfield code="a">Britanico, Lodovico</subfield>
    <subfield code="3">IT\ICCU\CNCT\004780</subfield>
    <subfield code="z">Britannico, Lodovico &lt;1.&gt;</subfield>
  </datafield>
  <datafield tag="791" ind1="0" ind2="0">
    <subfield code="a">Britannicus, Ludovicus</subfield>
    <subfield code="c"> &lt;1&gt;</subfield>
    <subfield code="3">IT\ICCU\CNCT\004781</subfield>
    <subfield code="z">Britannico, Lodovico &lt;1.&gt;</subfield>
  </datafield>
  <datafield tag="791" ind1="0" ind2="2">
    <subfield code="a">Chalcographia Britannica</subfield>
    <subfield code="3">IT\ICCU\CNCT\004782</subfield>
    <subfield code="z">Britannico, Lodovico &lt;1.&gt;</subfield>
  </datafield>
  <datafield tag="801" ind1=" " ind2="3">
    <subfield code="a">IT</subfield>
    <subfield code="b">ICCU</subfield>
    <subfield code="c">20201115</subfield>
  </datafield>
  <datafield tag="899" ind1=" " ind2=" ">
    <subfield code="a">Biblioteca Apostolica Vaticana. Citt ̉del Vaticano</subfield>
    <subfield code="1">EX0001</subfield>
    <subfield code="2">ZCV 01</subfield>
  </datafield>
  <datafield tag="899" ind1=" " ind2=" ">
    <subfield code="a">Biblioteca del Pio sodalizio dei piceni. Roma</subfield>
    <subfield code="1">RM0420</subfield>
    <subfield code="2">ZRM 60</subfield>
  </datafield>
</record>
</collection>
